<?xml version="1.0" encoding="UTF-8"?><collection xmlns="http://www.loc.gov/MARC21/slim"><record><leader>00381nam--2200133-i-4500</leader><controlfield tag="001">000013252</controlfield><controlfield tag="002">20161230</controlfield><controlfield tag="005">20161230201030</controlfield><controlfield tag="008">060222s1000------------r-----000-0-eng-d</controlfield><datafield ind1=" " ind2=" " tag="080"><subfield code="a">621.324:54:577.1</subfield></datafield><datafield ind1=" " ind2=" " tag="245"><subfield code="a">Computers in chemical and biochemical research</subfield></datafield><datafield ind1=" " ind2=" " tag="260"><subfield code="a">New York, Academic Press, 1972-1974 Xi + 276 P</subfield></datafield><datafield ind1=" " ind2=" " tag="700"><subfield code="a">C.E. Klopfenstein And C.L. Wilkins</subfield></datafield><datafield ind1=" " ind2=" " tag="852"><subfield code="a">47974</subfield></datafield></record></collection>